@article{biemer2010total,
  author = {Biemer, Paul P.},
  year = {2010},
  title = {Total Survey Error: Design, Implementation, and Evaluation},
  journal = {Public Opinion Quarterly},
  volume = {74},
  number = {5},
  pages = {817--48},
  doi = {10.1093/poq/nfq058},
  url = {https://doi.org/10.1093/poq/nfq058}
}

@book{callegaro2014online,
  author = {Callegaro, Mario and Baker, Reg and Göritz, A. S. and Krosnick, Jon A. and Lavrakas, Paul J.},
  year = {2014},
  title = {Online Panel Research: A Data Quality Perspective},
  editor = {Callegaro, Mario and Baker, Reg and Göritz, A. S. and Krosnick, Jon A. and Lavrakas, Paul J.},
  address = {Chichester},
  publisher = {John Wiley \& Sons}
}

@unpublished{einarsson_nonresponse,
  author = {Einarsson, Hafsteinn and Helgason, Agnar Freyr},
  title = {Nonresponse and Non-Sampling Error Trends in National Election Studies: Evidence from the Icelandic National Election Study 1983-2021}
}

@unpublished{einarsson_polling_error,
  author = {Einarsson, Hafsteinn and Helgason, Agnar Freyr},
  title = {Pre-Election Polling Error: Increasing over Time or a Function of Electoral Volatility}
}

@unpublished{einarsson_nonresponse_trends,
  author = {Einarsson, Hafsteinn and Sakshaug, Joseph W. and Vilhjálmsdóttir, Arndís and Sigurðsson, Ólafur Már},
  title = {Nonresponse Trends in Register-Based Sample Surveys: Evidence from the Icelandic Labour Force Survey 2003-2023}
}

@article{frankel2014looking,
  author = {Frankel, Laura Lazarus and Hillygus, D. Sunshine},
  year = {2014},
  title = {Looking Beyond Demographics: Panel Attrition in the ANES and GSS},
  journal = {Political Analysis},
  volume = {22},
  number = {3},
  pages = {336--53},
  doi = {10.1093/pan/mpt020},
  url = {https://doi.org/10.1093/pan/mpt020}
}

@article{groves2006nonresponse,
  author = {Groves, Robert M.},
  year = {2006},
  title = {Nonresponse Rates and Nonresponse Bias in Household Surveys},
  journal = {Public Opinion Quarterly},
  volume = {70},
  number = {5},
  pages = {646--75},
  doi = {10.1093/poq/nfl033},
  url = {https://doi.org/10.1093/poq/nfl033}
}

@article{groves2010total,
  author = {Groves, Robert M and Lyberg, Lars},
  year = {2010},
  title = {Total Survey Error: Past, Present, and Future},
  journal = {Public Opinion Quarterly},
  volume = {74},
  number = {5},
  pages = {849--79},
  doi = {10.1093/poq/nfq065},
  url = {https://doi.org/10.1093/poq/nfq065}
}

@article{helgason2022electoral,
  author = {Helgason, Agnar Freyr and Harðarson, Ólafur Þ. and Ólafsson, Jón Gunnar and Önnudóttir, Eva H. and Þórisdóttir, Hulda},
  year = {2022},
  title = {Electoral Politics after the Crisis: Change, Fluctuations and Stability in the 2021 Althingi Election},
  journal = {Icelandic Review of Politics and Administration},
  volume = {18},
  number = {1},
  pages = {1--26},
  doi = {10.13177/irpa.a.2022.18.1.1},
  url = {https://doi.org/10.13177/irpa.a.2022.18.1.1}
}

@article{jennings2020election,
  author = {Jennings, Will and Lewis-Beck, Michael and Wlezien, Christopher},
  year = {2020},
  title = {Election Forecasting: Too Far Out?},
  journal = {International Journal of Forecasting},
  volume = {36},
  number = {3},
  pages = {949--62},
  doi = {10.1016/j.ijforecast.2019.12.002},
  url = {https://doi.org/10.1016/j.ijforecast.2019.12.002}
}

@article{jennings2016timeline,
  author = {Jennings, Will and Wlezien, Christopher},
  year = {2016},
  title = {The Timeline of Elections: A Comparative Perspective},
  journal = {American Journal of Political Science},
  volume = {60},
  number = {1},
  pages = {219--33},
  doi = {10.1111/ajps.12189},
  url = {https://doi.org/10.1111/ajps.12189}
}

@article{jennings2018election,
  author = {Jennings, Will and Wlezien, Christopher},
  year = {2018},
  title = {Election Polling Errors across Time and Space},
  journal = {Nature Human Behaviour},
  volume = {2},
  number = {4},
  pages = {276--83},
  doi = {10.1038/s41562-018-0315-6},
  url = {https://doi.org/10.1038/s41562-018-0315-6}
}

@article{kalton2003weighting,
  author = {Kalton, Graham and Flores-Cervantes, Ismael},
  year = {2003},
  title = {Weighting Methods},
  journal = {Journal of Official Statistics},
  volume = {19},
  number = {2},
  pages = {81--97}
}

@unpublished{kennedy2016evaluation,
  author = {Kennedy, Courtney and Blumenthal, Mark and Clement, Scott and Clinton, Joshua D and Durand, Claire and Franklin, Charles and Mcgeeney, Kyley, et al.},
  title = {An Evaluation of 2016 Election Polls in the US}
}

@article{little2004model,
  author = {Little, Roderick J.},
  year = {2004},
  title = {To Model or Not to Model? Competing Modes of Inference for Finite Population Sampling},
  journal = {Journal of the American Statistical Association},
  volume = {99},
  number = {466},
  pages = {546--56},
  doi = {10.1198/016214504000000467},
  url = {https://doi.org/10.1198/016214504000000467}
}

@book{little2020statistical,
  author = {Little, Roderick J. A. and Rubin, Donald B.},
  year = {2020},
  title = {Statistical Analysis with Missing Data},
  edition = {3rd},
  address = {Hoboken, NJ},
  publisher = {John Wiley \& Sons, Inc.},
  doi = {10.2307/3172915},
  url = {https://doi.org/10.2307/3172915}
}

@article{little2005weighting,
  author = {Little, Roderick J. and Vartivarian, Sonya},
  year = {2005},
  title = {Does Weighting for Nonresponse Increase the Variance of Survey Means?},
  journal = {Survey Methodology},
  volume = {31},
  number = {2},
  pages = {161--68}
}

@book{onnudottir2021electoral,
  author = {Önnudóttir, Eva H. and Helgason, Agnar Freyr and Hardarson, Ólafur Th. and Thórisdóttir, Hulda},
  year = {2021},
  title = {Electoral Politics in Crisis after the Great Recession},
  address = {London},
  publisher = {Routledge},
  doi = {10.4324/9780429436345},
  url = {https://doi.org/10.4324/9780429436345}
}

@article{prosser2018twilight,
  author = {Prosser, Christopher and Mellon, Jonathan},
  year = {2018},
  title = {The Twilight of the Polls? A Review of Trends in Polling Accuracy and the Causes of Polling Misses},
  journal = {Government and Opposition},
  volume = {53},
  number = {4},
  pages = {757--90},
  doi = {10.1017/gov.2018.7},
  url = {https://doi.org/10.1017/gov.2018.7}
}

@incollection{struminskaya2021panel,
  author = {Struminskaya, Bella and Bosnjak, Michael},
  year = {2021},
  title = {Panel Conditioning: Types, Causes, and Empirical Evidence of What We Know So Far},
  booktitle = {Advances in Longitudinal Survey Methodology},
  editor = {Peter Lynn},
  pages = {272--301},
  address = {Hoboken, NJ},
  publisher = {Wiley}
}
